
@inproceedings{Karatsuba_with_Rectangular_Multipliers_for_FPGAs,  
    author="Kumm, Martin and Gustafsson, Oscar and de Dinechin, Florent and Kappauf, Johannes and Zipf, Peter",  booktitle="2018 IEEE 25th Symposium on Computer Arithmetic (ARITH)",   
    title="Karatsuba with Rectangular Multipliers for FPGAs",   
    year="2018",  
    volume="",  
    number="",  
    pages="13-20",  
    doi="10.1109/ARITH.2018.8464809"
}

@inproceedings{Efficient_FPGA_Modular_Multiplication_Implementation,
    author = "Langhammer, Martin and Pasca, Bogdan",
    title = "Efficient FPGA Modular Multiplication Implementation",
    year = "2021",
    isbn = "9781450382182",
    publisher = "Association for Computing Machinery",
    address = "New York, NY, USA",
    url = "https://doi.org/10.1145/3431920.3439306",
    doi = "10.1145/3431920.3439306",
    booktitle = "The 2021 ACM/SIGDA International Symposium on Field-Programmable Gate Arrays",
    pages = "217–223",
    numpages = "7",
    keywords = "FPGA, truncated multipliers, fine reduction, modular multiplication, barretts, error-analysis",
    location = "Virtual Event, USA",
    series = "FPGA '21"
}

@inproceedings{IMpress_Large_Integer_Multiplication_Expression_Rewriting_for_FPGA_HLS,
    author="Ustun, Ecenur and San, Ismail and Yin, Jiaqi and Yu, Cunxi and Zhang, Zhiru",
    booktitle="2022 IEEE 30th Annual International Symposium on Field-Programmable Custom Computing Machines (FCCM)",
    title="IMpress: Large Integer Multiplication Expression Rewriting for FPGA HLS",
    year="2022",
    volume="",
    number="",
    pages="1-10",
    doi="10.1109/FCCM53951.2022.9786123"
}

@inproceedings{PipeZK,
    author="Zhang, Ye and Wang, Shuo and Zhang, Xian and Dong, Jiangbin and Mao, Xingzhong and Long, Fan and Wang, Cong and Zhou, Dong and Gao, Mingyu and Sun, Guangyu",
    booktitle="2021 ACM/IEEE 48th Annual International Symposium on Computer Architecture (ISCA)", 
    title="PipeZK: Accelerating Zero-Knowledge Proof with a Pipelined Architecture", 
    year="2021",
    volume="",
    number="",
    pages="416-428",
    doi="10.1109/ISCA52012.2021.00040"
}

@misc{PipeMSM,
    author = {Charles. F. Xavier},
    title = {PipeMSM: Hardware Acceleration for Multi-Scalar Multiplication},
    howpublished = {Cryptology ePrint Archive, Paper 2022/999},
    year = {2022},
    note = {\url{https://eprint.iacr.org/2022/999}},
    url = {https://eprint.iacr.org/2022/999}
}

@inproceedings{Folded_Integer_Multiplication_for_FPGAs,
    author = {Langhammer, Martin and Pasca, Bogdan},
    title = {Folded Integer Multiplication for FPGAs},
    year = {2021},
    isbn = {9781450382182},
    publisher = {Association for Computing Machinery},
    address = {New York, NY, USA},
    url = {https://doi.org/10.1145/3431920.3439299},
    doi = {10.1145/3431920.3439299},
    booktitle = {The 2021 ACM/SIGDA International Symposium on Field-Programmable Gate Arrays},
    pages = {160–170},
    numpages = {11},
    keywords = {modulo scheduling, multiplication, karatsuba, wide multipliers, folding, resource-sharing},
    location = {Virtual Event, USA},
    series = {FPGA '21}
}

@inproceedings{Heuristics_for_the_Design_of_Large_Multipliers_for_FPGAs,
    author={Böttcher, Andreas and Kullmann, Keanu and Kumm, Martin},
    booktitle={2020 IEEE 27th Symposium on Computer Arithmetic (ARITH)},
    title={Heuristics for the Design of Large Multipliers for FPGAs},
    year={2020},
    volume={},
    number={},
    pages={17-24},
    doi={10.1109/ARITH48897.2020.00012}
}

@inproceedings{Arithmetic_core_generation_using_bit_heaps,
    author={Brunie, Nicolas and de Dinechin, Florent and Istoan, Matei and Sergent, Guillaume and Illyes, Kinga and Popa, Bogdan},
    booktitle={2013 23rd International Conference on Field programmable Logic and Applications}, 
    title={Arithmetic core generation using bit heaps}, 
    year={2013},
    volume={},
    number={},
    pages={1-8},
    doi={10.1109/FPL.2013.6645544}
}

@inproceedings{Resource_Optimal_Design_of_Large_Multipliers_for_FPGAs,
  author={Kumm, Martin and Kappauf, Johannes and Istoan, Matei and Zipf, Peter},
  booktitle={2017 IEEE 24th Symposium on Computer Arithmetic (ARITH)}, 
  title={Resource Optimal Design of Large Multipliers for FPGAs}, 
  year={2017},
  volume={},
  number={},
  pages={131-138},
  doi={10.1109/ARITH.2017.35}
}

@inproceedings{Efficient_High_Speed_Compression_Trees_on_Xilinx_FPGAs,
  title={Efficient High Speed Compression Trees on Xilinx FPGAs.},
  author={Kumm, Martin and Zipf, Peter},
  booktitle={MBMV},
  pages={171-182},
  year={2014}
}

@misc{FPGA_Acceleration_of_Multi_Scalar_Multiplication_CycloneMSM,
    author = {Kaveh Aasaraai and Don Beaver and Emanuele Cesena and Rahul Maganti and Nicolas Stalder and Javier Varela},
    title = {FPGA Acceleration of Multi-Scalar Multiplication: CycloneMSM},
    howpublished = {Cryptology ePrint Archive, Paper 2022/1396},
    year = {2022},
    note = {\url{https://eprint.iacr.org/2022/1396}},
    url = {https://eprint.iacr.org/2022/1396}
}

@misc{A_High_performance_ECC_Processor_over_Curve448_based_on_a_Novel_Variant_of_the_Karatsuba_Formula_for_Asymmetric_Digit_Multiplier,
    author = {Asep Muhamad Awaludin and Jonguk Park and Rini Wisnu Wardhani and Howon Kim},
    title = {A High-performance ECC Processor over Curve448 based on a Novel Variant of the Karatsuba Formula for Asymmetric Digit Multiplier},
    howpublished = {Cryptology ePrint Archive, Paper 2022/371},
    year = {2022},
    note = {\url{https://eprint.iacr.org/2022/371}},
    url = {https://eprint.iacr.org/2022/371}
}

@article{High_Speed_and_Unified_ECC_Processor_for_Generic_Weierstrass_Curves_over_GFp_on_FPGA,
    AUTHOR = {Awaludin, Asep Muhamad and Larasati, Harashta Tatimma and Kim, Howon},
    TITLE = {High-Speed and Unified ECC Processor for Generic Weierstrass Curves over GF(p) on FPGA},
    JOURNAL = {Sensors},
    VOLUME = {21},
    YEAR = {2021},
    NUMBER = {4},
    ARTICLE-NUMBER = {1451},
    URL = {https://www.mdpi.com/1424-8220/21/4/1451},
    PubMedID = {33669681},
    ISSN = {1424-8220},
    DOI = {10.3390/s21041451}
}

@inproceedings{Fast_Small_and_Area_Time_Efficient_Architectures_for_Key_Exchange_on_Curve25519,
    author={Niasar, Mojtaba Bisheh and El Khatib, Rami and Azarderakhsh, Reza and Mozaffari-Kermani, Mehran},
    booktitle={2020 IEEE 27th Symposium on Computer Arithmetic (ARITH)}, 
    title={Fast, Small, and Area-Time Efficient Architectures for Key-Exchange on Curve25519}, 
    year={2020},
    volume={},
    number={},
    pages={72-79},
    doi={10.1109/ARITH48897.2020.00019}
}

@misc{Efficient_Hardware_Design_for_Computing_Pairings_Using_Few_FPGA_In_built_DSPs,
    author = {Riadh Brinci and Walid Khmiri and Mefteh Mbarek and Abdellatif Ben Rabâa and Ammar Bouallègue},
    title = {Efficient Hardware Design for Computing Pairings Using Few FPGA In-built DSPs},
    howpublished = {Cryptology ePrint Archive, Paper 2015/116},
    year = {2015},
    note = {\url{https://eprint.iacr.org/2015/116}},
    url = {https://eprint.iacr.org/2015/116}
}

@misc{Efficient_Multiplier_for_pairings_over_Barreto_Naehrig_Curves_on_Virtex_6_FPGA,
    author = {Riadh Brinci and Walid Khmiriy and Mefteh Mbarekz and Abdellatif Ben Rabaˆa and Ammar Bouallegue and Faouzi Chekir},
    title = {Efficient Multiplier for pairings over Barreto-Naehrig Curves on Virtex-6 FPGA},
    howpublished = {Cryptology ePrint Archive, Paper 2013/005},
    year = {2013},
    note = {\url{https://eprint.iacr.org/2013/005}},
    url = {https://eprint.iacr.org/2013/005}
}

@inproceedings{Efficient_Architecture_for_Long_Integer_Modular_Multiplication_over_Solinas_Prime,
    author={Huai, Zheang and Parhi, Keshab K. and Zhang, Xinmiao},
    booktitle={2021 IEEE Workshop on Signal Processing Systems (SiPS)}, 
    title={Efficient Architecture for Long Integer Modular Multiplication over Solinas Prime}, 
    year={2021},
    volume={},
    number={},
    pages={146-151},
    doi={10.1109/SiPS52927.2021.00034}
}

@inproceedings{Comparison_of_Montgomery_and_Barrett_modular_multipliers_on_FPGAs,
  author={Kong, Yinan and Phillips, Braden},
  booktitle={2006 Fortieth Asilomar Conference on Signals, Systems and Computers}, 
  title={Comparison of Montgomery and Barrett modular multipliers on FPGAs}, 
  year={2006},
  volume={},
  number={},
  pages={1687-1691},
  doi={10.1109/ACSSC.2006.355048}
}

@article{Automatic_Generation_of_Modular_Multipliers_for_FPGA_Applications,
  author={Beuchat, Jean-Luc and Muller, Jean-Michel},
  journal={IEEE Transactions on Computers}, 
  title={Automatic Generation of Modular Multipliers for FPGA Applications}, 
  year={2008},
  volume={57},
  number={12},
  pages={1600-1613},
  doi={10.1109/TC.2008.102}
}

@inproceedings{High_Throughput_FPGA_Implementation_of_256_bit_Montgomery_Modular_Multiplier,
  author={Gong, Yaxun and Li, Shuguo},
  booktitle={2010 Second International Workshop on Education Technology and Computer Science}, 
  title={High-Throughput FPGA Implementation of 256-bit Montgomery Modular Multiplier}, 
  year={2010},
  volume={3},
  number={},
  pages={173-176},
  doi={10.1109/ETCS.2010.375}
}

@inproceedings{A_High_Performance_Full_Word_Barrett_Multiplier_Designed_for_FPGAs_with_DSP_Resources,
  author={Ozcan, Erdem and Erdem, Serdar S.},
  booktitle={2019 15th Conference on Ph.D Research in Microelectronics and Electronics (PRIME)}, 
  title={A High Performance Full-Word Barrett Multiplier Designed for FPGAs with DSP Resources}, 
  year={2019},
  volume={},
  number={},
  pages={73-76},
  doi={10.1109/PRIME.2019.8787740}
}

@inproceedings{Multiplication_of_multidigit_numbers_on_automata,
  title={Multiplication of multidigit numbers on automata},
  author={Karatsuba, Anatolii},
  booktitle={Soviet physics doklady},
  volume={7},
  pages={595-596},
  year={1963}
}

@article{Advanced_Compressor_Tree_Synthesis_for_FPGAs,
  title={Advanced compressor tree synthesis for FPGAs},
  author={Kumm, Martin and Kappauf, Johannes},
  journal={IEEE Transactions on Computers},
  volume={67},
  number={8},
  pages={1078-1091},
  year={2018},
  publisher={IEEE}
}

@book{UltraScale_Architecture_DSP_Slice_User_Guide,
 author = "Xilinx.Inc.",
 title = "UltraScale Architecture DSP Slice User Guide (v1.6)",
 year = "2018"
}


@inproceedings{Implementing_the_Rivest_Shamir_and_Adleman_public_key,
  title={Implementing the Rivest Shamir and Adleman public key encryption algorithm on a standard digital signal processor},
  author={Barrett, Paul},
  booktitle={Conference on the Theory and Application of Cryptographic Techniques},
  pages={311--323},
  year={1986},
  organization={Springer}
}

@article{Montgomery,
  title={Modular multiplication without trial division},
  author={Montgomery, Peter L},
  journal={Mathematics of computation},
  volume={44},
  number={170},
  pages={519--521},
  year={1985}
}